
@book{Navraty_a_odkazy,
    author    = {Obret, Viliam},
    title     = {Návraty a odkazy},
    pages = {612},
    publisher = {Univerzita Konštantína Filozofa},
    year      = {2006},
    address   = {Nitra},
    isbn      = {80-8094-046-0}
}

@book{Filogeneza_cloveka,
    author = {Lisý, Ján and Petričková, Andrea and Čepeláková, Jana},
    title = {Filogenéza človeka: Vývoj homo sapiens sapiens},
    edition = {2},
    pages = {612},
    publisher = {Príroda},
    year = {2001},
    address = {Bratislava},
    isbn = {80-855323-92-1},
}

STEINEROVÁ, Jela. 2000. Princípy formovania vzdelania v informačnej vede.
In Pedagogická revue. ISSN 1335-1982, 2000, roč. 2, č. 3, s. 8-16.

@article{Principy_formovania_vzdelania_v_informacnej_vede,
  author    = {Steinerová, Jela},
  title     = {Princípy formovania vzdelania v informačnej vede},
  journal   = {Pedagogická revue},
  year      = {2000},
  volume    = {Volume Number},
  number    = {Issue Number},
  pages     = {Start Page--End Page},
  doi       = {Digital Object Identifier},
  issn      = {International Standard Serial Number},
  url       = {URL of the article},
  note      = {Any additional notes}
}
